<record><leader>00000cas a2200000 a 4500</leader><controlfield tag="001">9493729</controlfield><controlfield tag="008">830509c19149999vaudr ne      0   a0eng c</controlfield><datafield ind1=" " ind2=" " tag="010"><subfield code="a">sn 83045389 </subfield></datafield><datafield ind1=" " ind2=" " tag="040"><subfield code="a">CRL</subfield><subfield code="b">eng</subfield><subfield code="c">CRL</subfield><subfield code="d">NPW</subfield><subfield code="d">DLC</subfield><subfield code="d">NPV</subfield><subfield code="d">NPW</subfield><subfield code="d">NPY</subfield><subfield code="d">DLC</subfield><subfield code="d">YOX</subfield><subfield code="d">NLG</subfield><subfield code="d">MFN</subfield><subfield code="d">KNP</subfield><subfield code="d">MGN</subfield><subfield code="d">CRL</subfield><subfield code="d">CNW</subfield><subfield code="d">NVK</subfield><subfield code="d">CRL</subfield><subfield code="d">DLC</subfield><subfield code="d">NVK</subfield><subfield code="d">KRTAS</subfield><subfield code="d">CUI</subfield><subfield code="d">UKMGB</subfield><subfield code="d">DOS</subfield><subfield code="d">OCLCQ</subfield><subfield code="d">OCLCF</subfield><subfield code="d">DLC</subfield><subfield code="d">NVK</subfield><subfield code="d">MMV</subfield><subfield code="d">DLC</subfield></datafield><datafield ind1="7" ind2=" " tag="016"><subfield code="a">013895412</subfield><subfield code="2">Uk</subfield></datafield><datafield ind1="0" ind2=" " tag="022"><subfield code="a">2333-7761</subfield><subfield code="2">1</subfield></datafield><datafield ind1=" " ind2=" " tag="042"><subfield code="a">pcc</subfield><subfield code="a">nsdp</subfield></datafield><datafield ind1=" " ind2=" " tag="043"><subfield code="a">n-us-va</subfield></datafield><datafield ind1="0" ind2="0" tag="050"><subfield code="a">Newspaper</subfield></datafield><datafield ind1=" " ind2="4" tag="050"><subfield code="a">AN</subfield></datafield><datafield ind1="0" ind2="0" tag="082"><subfield code="a">071</subfield><subfield code="2">23</subfield></datafield><datafield ind1=" " ind2="0" tag="222"><subfield code="a">Richmond times-dispatch</subfield><subfield code="b">(Print)</subfield></datafield><datafield ind1="0" ind2="0" tag="245"><subfield code="a">Richmond times-dispatch.</subfield></datafield><datafield ind1="3" ind2="0" tag="246"><subfield code="a">Sunday times-dispatch</subfield></datafield><datafield ind1="3" ind2=" " tag="246"><subfield code="a">Times-dispatch</subfield></datafield><datafield ind1=" " ind2=" " tag="260"><subfield code="a">Richmond, Va. :</subfield><subfield code="b">Times Dispatch Pub. Co.,</subfield><subfield code="c">1914-</subfield></datafield><datafield ind1=" " ind2=" " tag="300"><subfield code="a">v.</subfield></datafield><datafield ind1=" " ind2=" " tag="310"><subfield code="a">Daily</subfield></datafield><datafield ind1="0" ind2=" " tag="362"><subfield code="a">Vol. 64, no. 19,899 (Nov. 14, 1914)-</subfield></datafield><datafield ind1=" " ind2=" " tag="500"><subfield code="a">On Sundays published as: Sunday times-dispatch, and: Richmond times-dispatch, &lt;May 15, 1994-&gt;</subfield></datafield><datafield ind1=" " ind2=" " tag="530"><subfield code="a">Also issued on microfilm from University Microfilms International, and Microfilming Corp. of America.</subfield></datafield><datafield ind1=" " ind2=" " tag="530"><subfield code="a">Archived issues are available in digital format as part of the Library of Congress Chronicling America online collection.</subfield></datafield><datafield ind1=" " ind2=" " tag="588"><subfield code="a">Latest issue consulted: 149th year, no. 90 (Mar. 31, 1999).</subfield></datafield><datafield ind1=" " ind2="0" tag="651"><subfield code="a">Richmond (Va.)</subfield><subfield code="v">Newspapers.</subfield></datafield><datafield ind1=" " ind2="7" tag="651"><subfield code="a">Virginia</subfield><subfield code="z">Richmond.</subfield><subfield code="2">fast</subfield><subfield code="0">(OCoLC)fst01205345</subfield></datafield><datafield ind1=" " ind2="4" tag="651"><subfield code="a">Richmond (Va.)</subfield><subfield code="x">Newspapers.</subfield></datafield><datafield ind1=" " ind2="7" tag="655"><subfield code="a">Newspapers.</subfield><subfield code="2">fast</subfield><subfield code="0">(OCoLC)fst01423814</subfield></datafield><datafield ind1=" " ind2=" " tag="752"><subfield code="a">United States</subfield><subfield code="b">Virginia</subfield><subfield code="d">Richmond.</subfield></datafield><datafield ind1="0" ind2=" " tag="775"><subfield code="t">Evening dispatch (Richmond, Va.)</subfield><subfield code="w">(DLC)sn 90052007</subfield><subfield code="w">(OCoLC)20920241</subfield></datafield><datafield ind1="0" ind2=" " tag="775"><subfield code="t">Centro de Richmond</subfield><subfield code="w">(DLC)sn2006060579</subfield><subfield code="w">(OCoLC)70333008</subfield></datafield><datafield ind1="0" ind2="8" tag="776"><subfield code="i">Online version:</subfield><subfield code="t">Richmond times-dispatch (Online)</subfield><subfield code="x">2333-777X</subfield><subfield code="w">(DLC)  2011267070</subfield><subfield code="w">(OCoLC)55506619</subfield></datafield><datafield ind1="0" ind2="0" tag="780"><subfield code="t">Times dispatch (Richmond, Va.)</subfield><subfield code="w">(DLC)sn 85038615</subfield><subfield code="w">(OCoLC)19851205</subfield></datafield><datafield ind1="0" ind2="5" tag="780"><subfield code="t">Richmond news leader</subfield><subfield code="w">(DLC)sn 83045370</subfield><subfield code="w">(OCoLC)9447277</subfield></datafield><datafield ind1="4" ind2="1" tag="856"><subfield code="u">http://www.loc.gov/chroniclingamerica/lccn/sn83045389/issues</subfield></datafield><datafield ind1="4" ind2="1" tag="856"><subfield code="u">http://www.virginiachronicle.com</subfield></datafield><datafield ind1=" " ind2=" " tag="938"><subfield code="a">Kirtas Technologies, Inc.</subfield><subfield code="b">KRTS</subfield><subfield code="n">736644</subfield></datafield><datafield ind1="1" ind2=" " tag="029"><subfield code="a">AU@</subfield><subfield code="b">000020419498</subfield></datafield></record>